@misc{dryja2017discreet,
  title={Discreet log contracts},
  author={Dryja, Thaddeus},
  howpublished ={\url{https://adiabat.github.io/dlc.pdf}},
  year={2017},
  note = {Accessed: 2020-02-26}
}

@misc{nakamoto2009bitcoin,
  author = {Nakamoto, Satoshi},
  title = {Bitcoin: A peer-to-peer electronic cash system},
  howpublished = {\url{http://www.bitcoin.org/bitcoin.pdf}},
  year = {2009},
  note = {Accessed: 2020-02-26}
}

@phdthesis{decker2016scalability,
  title={On the scalability and security of bitcoin},
  author={Decker, Christian},
  year={2016},
  school={ETH Zurich}
}

@inproceedings{gudgeon2020sok,
  title={SoK: Layer-Two Blockchain Protocols.},
  author={Gudgeon, Lewis and Moreno-Sanchez, Pedro and Roos, Stefanie and McCorry, Patrick and Gervais, Arthur},
  booktitle={International Conference on Financial Cryptography and Data Security},
  pages={InPrint},
  year={2020}
}

@misc{bednar2019,
  title={Lightning Discreet Log Contract Channels},
  author={Bedn\'ar, Juraj and Pickhardt Ren\'e},
  howpublished = {\url{https://hackmd.io/@lpQxZaCeTG6OJZI3awxQPQ/LN-DLC}},
  note = {Accessed: 2020-02-26}
}
  
@inproceedings{khabbazian2019,
  author = {Khabbazian, Majid and Nadahalli, Tejaswi and Wattenhofer, Roger},
  title = {Outpost: A Responsive Lightweight Watchtower},
  year = {2019},
  publisher = {Association for Computing Machinery},
  booktitle = {Proceedings of the 1st ACM Conference on Advances in Financial Technologies},
  pages = {31–40},
  numpages = {10},
  location = {Zurich, Switzerland},
  series = {AFT ’19}
}

@article{burchert2018scalable,
  title={Scalable funding of bitcoin micropayment channel networks},
  author={Burchert, Conrad and Decker, Christian and Wattenhofer, Roger},
  journal={Royal Society open science},
  volume={5},
  number={8},
  year={2018},
  publisher={The Royal Society}
}

@misc{ellis2017chainlink,
  title={ChainLink: A Decentralized Oracle Network.(2017)},
  author={Ellis, Steve and Juels, Ari and Nazarov, Sergey},
  howpublished = {\url{https://link.smartcontract.com/whitepaper}},
  year={2017},
  note = {Accessed: 2020-02-26}
}

@misc{poon2016bitcoin,
  title={The bitcoin lightning network: Scalable off-chain instant payments},
  author={Poon, Joseph and Dryja, Thaddeus},
  year={2016},
  howpublished = {\url{https://www.bitcoinlightning.com/wp-content/uploads/2018/03/lightning-network-paper.pdf}},
  note = {Accessed: 2020-02-26}
}

@inproceedings{schnorr1989efficient,
  title={Efficient identification and signatures for smart cards},
  author={Schnorr, Claus-Peter},
  booktitle={Conference on the Theory and Application of Cryptology},
  pages={239--252},
  year={1989},
  organization={Springer}
}

@misc{csv,
  title={CHECKSEQUENCEVERIFY},
  author={BtcDrak and Friedenback, Mark and Lombrozo, Eric},
  year={2015},
  howpublished={\url{https://github.com/bitcoin/bips/blob/master/bip-0112.mediawiki}},
  note = {Accessed: 2020-02-26}
}

@inproceedings{decker2015fast,
  title={A fast and scalable payment network with bitcoin duplex micropayment channels},
  author={Decker, Christian and Wattenhofer, Roger},
  booktitle={Symposium on Self-Stabilizing Systems},
  pages={3--18},
  year={2015},
  organization={Springer}
}

@inproceedings{bartoletti2018bitml,
  title={BitML: a calculus for Bitcoin smart contracts},
  author={Bartoletti, Massimo and Zunino, Roberto},
  booktitle={Proceedings of the 2018 ACM SIGSAC Conference on Computer and Communications Security},
  pages={83--100},
  year={2018}
}

@misc{bolt2,
  title={BOLT \#2: Peer Protocol for Channel Management},
  author={Lightning Network},
  howpublished={\url{https://github.com/lightningnetwork/lightning-rfc/blob/master/02-peer-protocol.md}},
  note = {Accessed: 2020-02-26}
}

@misc{bolt3,
  title={BOLT \#3: Peer Protocol for Channel Management},
  author={Lightning Network},
  howpublished={\url{https://github.com/lightningnetwork/lightning-rfc/blob/master/03-transactions.md}},
  note = {Accessed: 2020-02-26}
}

@article{decker2018eltoo,
  title={eltoo: A simple layer2 protocol for bitcoin},
  author={Decker, Christian and Russell, Rusty and Osuntokun, Olaoluwa},
  journal={White paper: https://blockstream. com/eltoo. pdf},
  year={2018}
}